Formatted according to: http://en.wikipedia.org/wiki/Bibtex (BV, AH Aug 2010; updated Jul 2017 AH)

We plan to use the utphys.bst style for compilation. 
                  
CONVENTIONS:

5235, Please follow these (Instructions and reference info goes to about line 80 
in this file; please read through it before adding citations!

 - When adding citations to this file, if possible, copy the BibTeX rendering 
 of the citation from http://inspirehep.net. 

 - Many citations already exist in the file citedb.bib, also under the "common" 
 directory. It has entries from the CDR, the protoDUNE-SP TDR and possibly other
 documents. You can search it to see if the citation you want is there.

 - List DocDB notes like:

@BOOK{strunk,
   author = {Strunk, Jr., William and E. B. White},
   title = "{The Elements of Style}",
   publisher = {Macmillan},
   edition = {Third},
   year = 1979
   }

@techreport{tdr-vol-1,
title = "{TDR Volume 1: The LBNF and DUNE Projects}",
collaboration = {{DUNE}},
year = {2018},
note = "\url{http://docs.dunescience.org/cgi-bin/ShowDocument?docid=nnnn}"
}

To make anything literal, surround it in {}'s.

A note on comments:  
 - EVERYTHING outside of an "at" block is a comment.
 - You can comment out an "at" block by deleting the "at" character.
 - Do not put any type of comments inside an "at" block. They are not allowed.

The order of citations in this file does not matter.                  
                  
A note on authors:

 - Spell out the full names and separate them with  the word "and".  If the 
 author list is too long to write everyone then end it with "and others" -- 
 NOT "et al".  The style will take care of things like only showing first initial 
 and changing "and others" to "et al".  

For help with bibtex see:

 - https://en.wikipedia.org/wiki/BibTeX
 - http://nwalsh.com/tex/texhelp/bibtx-23.html (This is about rendering names)

A few examples follow.
                  
@misc{ref:NA61Proposal,
title="{Study of Hadron Production in Hadron-Nucleus and Nucleus-Nucleus Collisions at the CERN SPS; CERN-SPSC-2006-034}",
note = "\url{http://cds.cern.ch/record/995681?ln=en}",
year = {2006},
}

@article{Ayres:2007tu,
      author         = "Ayres, D.S. and others",
      title          = "{The NOvA Technical Design Report}",
      collaboration  = "NOvA",
      year           = "2007",
      reportNumber   = "FERMILAB-DESIGN-2007-01",
      note = {\url{http://lss.fnal.gov/archive/design/fermilab-design-2007-01.pdf}},
      SLACcitation   = "%%CITATION = FERMILAB-DESIGN-2007-01 ETC.;%%",
}

@techreport{tdr-vol-2,
title = "{TDR Volume 2: The Physics Program for DUNE at LBNF}",
collaboration = {{DUNE}},
year = {2018},
note = "\url{http://docs.dunescience.org/cgi-bin/ShowDocument?docid=}"
}

@unpublished{pip2-2013,
author = {Derwent P. and others},
title =  "{Proton Improvement Plan-II}",
year = {2013},
note = "\url{http://projectx-docdb.fnal.gov/cgi-bin/RetrieveFile?=1232&filename=1.2%20MW%20Report_Rev5.pdf&version=3}",
}

%%%%%%%%%%%%%%%%%%%%%%%%%%%%%%%%%%%%%%%%%%%%%%%%%%%%%%%%%%%%%%%%%%%%%%%%

(Start adding citations here.)

@Article{snews,
     author    = "Antonioli, Pietro and others",
     title     = "{SNEWS: The SuperNova Early Warning System}",
     journal   = "New J. Phys.",
     volume    = "6",
     year      = "2004",
     pages     = "114",
     eprint    = "astro-ph/0406214",
     archivePrefix = "arXiv",
     doi       = "10.1088/1367-2630/6/1/114",
     SLACcitation  = "%%CITATION = ASTRO-PH/0406214;%%"
}

@article{kilonova,
      author         = "Abbott, B. P. and others",
      title          = "{Multi-messenger Observations of a Binary Neutron Star
                        Merger}",
      collaboration  = "GROND, SALT Group, OzGrav, DFN, INTEGRAL, Virgo,
                        Insight-Hxmt, MAXI Team, Fermi-LAT, J-GEM, RATIR, IceCube,
                        CAASTRO, LWA, ePESSTO, GRAWITA, RIMAS, SKA South
                        Africa/MeerKAT, H.E.S.S., 1M2H Team, IKI-GW Follow-up,
                        Fermi GBM, Pi of Sky, DWF (Deeper Wider Faster Program),
                        Dark Energy Survey, MASTER, AstroSat Cadmium Zinc
                        Telluride Imager Team, Swift, Pierre Auger, ASKAP,
                        VINROUGE, JAGWAR, Chandra Team at McGill University,
                        TTU-NRAO, GROWTH, AGILE Team, MWA, ATCA, AST3, TOROS,
                        Pan-STARRS, NuSTAR, ATLAS Telescopes, BOOTES, CaltechNRAO,
                        LIGO Scientific, High Time Resolution Universe Survey,
                        Nordic Optical Telescope, Las Cumbres Observatory Group,
                        TZAC Consortium, LOFAR, IPN, DLT40, Texas Tech University,
                        HAWC, ANTARES, KU, Dark Energy Camera GW-EM, CALET, Euro
                        VLBI Team, ALMA",
      journal        = "Astrophys. J.",
      volume         = "848",
      year           = "2017",
      number         = "2",
      pages          = "L12",
      doi            = "10.3847/2041-8213/aa91c9",
      eprint         = "1710.05833",
      archivePrefix  = "arXiv",
      primaryClass   = "astro-ph.HE",
      reportNumber   = "LIGO-P1700294, VIR-0802A-17, FERMILAB-PUB-17-478-A-AE-CD",
      SLACcitation   = "%%CITATION = ARXIV:1710.05833;%%"
      
}

@techreport{abs_1,
author={N.Mokhov},
title={{The Mars Code System User's Guide}},
year={2009},
note={Fermilab-FN-628},
}

@misc{g4lbnf,
url = "{https://cdcvs.fnal.gov/redmine/projects/lbne-beamsim/wiki}",
title = "{The G4LBNE Software}",
note = "Available at \url{https://cdcvs.fnal.gov/redmine/projects/lbne-beamsim/wiki}"
}

@article{Szleper:2001nj,
      author         = "Szleper, M. and Para, A.",
      title          = "{Neutrino spectrum at the far detector systematic
                        errors}",
      year           = "2001",
      eprint         = "hep-ex/0110001",
      archivePrefix  = "arXiv",
      primaryClass   = "hep-ex",
      reportNumber   = "NUMI-781, FERMILAB-PUB-01-309, NUMI-B-781",
      SLACcitation   = "%%CITATION = HEP-EX/0110001;%%"
}

@techreport{fields_doc_2901,
title = "{Beam Optimization Task Force Final Report}",
author = {{Fields, L. and Weber, A.  for the Beam Optimization Task Force}},
year = {2017},
note = {DUNE DocDB 2901}
}

@article{Carron:2017zzz,
      author         = "Carron, Jérôme and Philippon Anne and How, Lip Sun and Delbergue, Audrey and 
                        Hassanzadeh, Sahar and Cillierre, David and Danto, Pascale and Boutillier, Mathieu",
      title          = "{Cryogenic characterization of LEDs for space application}",
      year           = "2017",
     journal   = "Proc. SPIE, Sixteenth International Conference on Solid State Lighting and LED-based Illumination Systems",
     volume    = "10378",
     pages     = "20",
     doi       = "10.1117/12.2272409",
}

@techreport{Murphy:20170516,
      author         = "Murphy, Sebastien",
      title          = "{Status of the WA105-3x1x1 m$^3$ dual phase prototype}",
      booktitle      = "{DUNE Collaboration meeting, May 16, 2017}",
      collaboration  = "WA105",
      year           = "2017",
      note = "\url{https://indico.fnal.gov/event/12345/session/1/contribution/5/material/slides/0.pdf}"
}

@article{Adamowski:2014daa,
      author         = "Adamowski, M. and others",
      title          = "{The Liquid Argon Purity Demonstrator}",
      journal        = "JINST",
      volume         = "9",
      year           = "2014",
      pages          = "P07005",
      doi            = "10.1088/1748-0221/9/07/P07005",
      eprint         = "1403.7236",
      archivePrefix  = "arXiv",
      primaryClass   = "physics.ins-det",
      reportNumber   = "FERMILAB-PUB-14-059-E",
      SLACcitation   = "%%CITATION = ARXIV:1403.7236;%%"
}


@article{Banks:2014hra,
      author         = "Banks, T. I. and others",
      title          = "{A compact ultra-clean system for deploying radioactive
                        sources inside the KamLAND detector}",
      journal        = "Nucl. Instrum. Meth.",
      volume         = "A769",
      year           = "2015",
      pages          = "88-96",
      doi            = "10.1016/j.nima.2014.09.068",
      eprint         = "1407.0413",
      archivePrefix  = "arXiv",
      primaryClass   = "physics.ins-det",
      SLACcitation   = "%%CITATION = ARXIV:1407.0413;%%"
}

@article{Delaquis:2013hva,
      author         = "Delaquis, S. C. and Gornea, R. and Janos, S. and Lüthi,
                        M. and Rudolf von Rohr, C. and Schenk, M. and Vuilleumier,
                        J. -L.",
      title          = "{Development of a camera casing suited for cryogenic and
                        vacuum applications}",
      journal        = "JINST",
      volume         = "8",
      year           = "2013",
      pages          = "T12001",
      doi            = "10.1088/1748-0221/8/12/T12001",
      eprint         = "1310.6601",
      archivePrefix  = "arXiv",
      primaryClass   = "physics.ins-det",
      SLACcitation   = "%%CITATION = ARXIV:1310.6601;%%"
}

@article{McConkey:2016spe,
      author         = "McConkey, Nicola and Spooner, Neil and Thiesse, Matthew
                        and Wallbank, Michael and Warburton, Thomas Karl",
      title          = "{Cryogenic CMOS Cameras for High Voltage Monitoring in
                        Liquid Argon}",
      journal        = "JINST",
      volume         = "12",
      year           = "2017",
      number         = "03",
      pages          = "P03014",
      doi            = "10.1088/1748-0221/12/03/P03014",
      eprint         = "1612.06124",
      archivePrefix  = "arXiv",
      primaryClass   = "physics.ins-det",
      SLACcitation   = "%%CITATION = ARXIV:1612.06124;%%"
}

@article{Auger:2015xlo,
      author         = "Auger, M. and Blatter, A. and Ereditato, A. and Goeldi,
                        D. and Janos, S. and Kreslo, I. and Luethi, M. and Rudolf
                        von Rohr, C. and Strauss, T. and Weber, M. S.",
      title          = "{On the Electric Breakdown in Liquid Argon at Centimeter
                        Scale}",
      journal        = "JINST",
      volume         = "11",
      year           = "2016",
      number         = "03",
      pages          = "P03017",
      doi            = "10.1088/1748-0221/11/03/P03017",
      eprint         = "1512.05968",
      archivePrefix  = "arXiv",
      primaryClass   = "physics.ins-det",
      SLACcitation   = "%%CITATION = ARXIV:1512.05968;%%"
}

@article{Carls:2015spa,
      author         = "Carls, Benjamin and Horton-Smith, Glenn and James,
                        Catherine C. and Kubinski, Robert M. and Pordes, Stephen
                        and Schukraft, Anne and Strauss, Thomas",
      title          = "{Design and Operation of A Setup with A Camera and
                        Adjustable Mirror to Inspect the Sense-Wire Planes of the
                        Time Projection Chamber Inside the MicroBooNE Cryostat}",
      journal        = "JINST",
      volume         = "10",
      year           = "2015",
      number         = "08",
      pages          = "T08006",
      doi            = "10.1088/1748-0221/10/08/T08006",
      eprint         = "1507.02508",
      archivePrefix  = "arXiv",
      primaryClass   = "physics.ins-det",
      reportNumber   = "FERMILAB-PUB-15-293-ND",
      SLACcitation   = "%%CITATION = ARXIV:1507.02508;%%"
}


@techreport{Valencia-Rodriquez:20180130,
      author         = "Valencia-Rodriquez, Edgar and Kordosky, Mike",
      title          = "{Cameras and lighting: experience}",
      booktitle      = "{DUNE Collaboration meeting, January 30, 2018}",
      year           = "2018",
      note = "\url{https://indico.fnal.gov/event/14581/session/7/contribution/60/material/slides/0.pdf}"
}


@misc{natmch,
 url = "{http://www.nateurope.com/products/NAT-MCH.html}",
 title = {NAT-MCH},
}

@misc{om3fibers,
 url = "{http://shop.fiber24.net/index.php/en/FO-Patch-Cable-OM3-Multi-mode-50-125-m-Duplex-LC-PC-LC-PC/c-OM3-DUPLEX-1TO1/a-FOPC-F2-O3-DX-LCU-LCU}",
 title = {OM3 Fibers},
}
